@article{JALILI2004907,
    title = {A review of atomic force microscopy imaging systems: application to molecular metrology and biological sciences},
    journal = {Mechatronics},
    volume = {14},
    number = {8},
    pages = {907-945},
    year = {2004},
    author = {Nader Jalili and Karthik Laxminarayana}
}

@article{RevModPhys.75.949,
  title = {Advances in atomic force microscopy},
  author = {Giessibl, Franz J.},
  journal = {Rev. Mod. Phys.},
  volume = {75},
  issue = {3},
  pages = {949--983},
  year = {2003},
  publisher = {American Physical Society}
}

@article{vahabi2013atomic,
  title={Atomic force microscopy application in biological research: a review study},
  author={Vahabi, Surena and Salman, Bahareh Nazemi and Javanmard, Anahita},
  journal={Iranian journal of medical sciences},
  volume={38},
  number={2},
  pages={76},
  year={2013},
  publisher={Shiraz University of Medical Sciences}
}

@article{SANTOS2004133,
title = {An overview of the biophysical applications of atomic force microscopy},
journal = {Biophysical Chemistry},
volume = {107},
number = {2},
pages = {133-149},
year = {2004},
author = {Nuno C. Santos and Miguel A.R.B. Castanho}
}

@article{amyot2020bioafmviewer,
  title={BioAFMviewer: An interactive interface for simulated AFM scanning of biomolecular structures and dynamics},
  author={Amyot, Romain and Flechsig, Holger},
  journal={PLoS computational biology},
  volume={16},
  number={11},
  pages={e1008444},
  year={2020},
  publisher={Public Library of Science San Francisco, CA USA}
}

@article{shao1996biological,
  title={Biological atomic force microscopy: what is achieved and what is needed},
  author={Shao, Zhifeng and Mou, Jianxun and Czajkowsky, Daniel M and Yang, Jie and Yuan, Jian-Yang},
  journal={Advances in physics},
  volume={45},
  number={1},
  pages={1--86},
  year={1996}
}

@article{maghsoudy2018review,
  title={Review of progress in atomic force microscopy},
  author={Maghsoudy-Louyeh, S and Kropf, M and Tittmann, BR},
  journal={The Open Neuroimaging Journal},
  volume={12},
  number={1},
  year={2018}
}

@article{garcia2002dynamic,
  title={Dynamic atomic force microscopy methods},
  author={Garc{\i}a, Ricardo and Perez, Ruben},
  journal={Surface science reports},
  volume={47},
  number={6-8},
  pages={197--301},
  year={2002},
  publisher={Elsevier}
}

@article{dufrene2002atomic,
  title={Atomic force microscopy, a powerful tool in microbiology},
  author={Dufr{\^e}ne, Yves F},
  journal={Journal of bacteriology},
  volume={184},
  number={19},
  pages={5205--5213},
  year={2002},
  publisher={Am Soc Microbiol}
}

@article{roduit2009stiffness,
  title={Stiffness tomography by atomic force microscopy},
  author={Roduit, Charles and Sekatski, Serguei and Dietler, Giovanni and Catsicas, Stefan and Lafont, Frank and Kasas, Sandor},
  journal={Biophysical journal},
  volume={97},
  number={2},
  pages={674--677},
  year={2009},
  publisher={Elsevier}
}

@article{vinckier1998measuring,
  title={Measuring elasticity of biological materials by atomic force microscopy},
  author={Vinckier, Anja and Semenza, Giorgio},
  journal={FEBS letters},
  volume={430},
  number={1-2},
  pages={12--16},
  year={1998},
  publisher={Elsevier}
}

@article{senda2016computational,
  title={Computational model for noncontact atomic force microscopy: energy dissipation of cantilever},
  author={Senda, Yasuhiro and Blomqvist, Janne and Nieminen, Risto M},
  journal={Journal of Physics: Condensed Matter},
  volume={28},
  number={37},
  pages={375001},
  year={2016},
  publisher={IOP Publishing}
}

@article{rajabifar2021fast,
  title={A fast first-principles approach to model atomic force microscopy on soft, adhesive, and viscoelastic surfaces},
  author={Rajabifar, Bahram and Wagner, Ryan and Raman, Arvind},
  journal={Materials Research Express},
  volume={8},
  number={9},
  pages={095304},
  year={2021},
  publisher={IOP Publishing}
}

@article{amyot2022simulation,
  title={Simulation atomic force microscopy for atomic reconstruction of biomolecular structures from resolution-limited experimental images},
  author={Amyot, Romain and Marchesi, Arin and Franz, Clemens M and Casuso, Ignacio and Flechsig, Holger},
  journal={PLoS computational biology},
  volume={18},
  number={3},
  pages={e1009970},
  year={2022},
  publisher={Public Library of Science San Francisco, CA USA}
}

@book{eaton2010atomic,
  title={Atomic force microscopy},
  author={Eaton, Peter and West, Paul},
  year={2010},
  publisher={Oxford university press}
}

@article{PhysRevLett.56.930,
  title = {Atomic Force Microscope},
  author = {Binnig, G. and Quate, C. F. and Gerber, Ch.},
  journal = {Phys. Rev. Lett.},
  volume = {56},
  pages = {930--933},
  numpages = {0},
  year = {1986},
  publisher = {American Physical Society},
}


@article{goken1999microstructural,
  title={Microstructural properties of superalloys investigated by nanoindentations in an atomic force microscope},
  author={G{\"o}ken, M and Kempf, M},
  journal={Acta Materialia},
  volume={47},
  number={3},
  pages={1043--1052},
  year={1999},
  publisher={Elsevier}
}

@article{kempf1998nanohardness,
  title={Nanohardness measurements for studying local mechanical properties of metals.},
  author={Kempf, M and G{\"o}ken, M and Vehoff, H},
  journal={Applied Physics A: Materials Science \& Processing},
  volume={66},
  number={7},
  year={1998}
}

@article{nagashima1996nanoscopic,
  title={Nanoscopic hardness measurement by atomic force microscope},
  author={Nagashima, Nobuo and Matsuoka, Saburo and Miyahara, Kensuke},
  journal={JSME international journal. Ser. A, Mechanics and material engineering},
  volume={39},
  number={3},
  pages={456--462},
  year={1996},
  publisher={The Japan Society of Mechanical Engineers}
}

@article{yamamoto2000afm,
  title={AFM observations of microstructures of deposited magnesium on magnesium alloys},
  author={Yamamoto, Atsushi and Watanabe, Atsushi and Tsubakino, Harushige and Fukumoto, Shinji},
  journal={Materials science forum},
  volume={350},
  pages={241--246},
  year={2000},
  organization={Trans Tech Publ}
}

@article{PhysRevLett.49.57,
  title = {Surface Studies by Scanning Tunneling Microscopy},
  author = {Binnig, G. and Rohrer, H. and Gerber, Ch. and Weibel, E.},
  journal = {Phys. Rev. Lett.},
  volume = {49},
  issue = {1},
  pages = {57--61},
  numpages = {0},
  year = {1982},
  publisher = {American Physical Society},
}

@article{BINNIG1983236,
title = {Scanning tunneling microscopy},
journal = {Surface Science},
volume = {126},
number = {1},
pages = {236-244},
year = {1983}
}

@article{salapaka2008scanning,
  title={Scanning probe microscopy},
  author={Salapaka, Srinivasa M and Salapaka, Murti V},
  journal={IEEE Control Systems Magazine},
  volume={28},
  number={2},
  pages={65--83},
  year={2008},
  publisher={IEEE}
}

@article{young1972topografiner,
  title={The topografiner: an instrument for measuring surface microtopography},
  author={Young, Russell and Ward, John and Scire, Fredric},
  journal={Review of Scientific Instruments},
  volume={43},
  number={7},
  pages={999--1011},
  year={1972},
  publisher={American Institute of Physics}
}

@article{moody2006atomic,
  title={Atomic force microscopy: applications in biology},
  author={Moody, James and Allen, Stephanie},
  journal={Chemical Biology Applications and Techniques, Larijani B., Rosser, CA, Woscholski, R., Eds. John Wiley \& Sons, Ltd., Hoboken, NJ, USA},
  pages={29--45},
  year={2006}
}

@article{PhysRevLett.50.120,
  title = {7 \ifmmode\times\else\texttimes\fi{} 7 Reconstruction on Si(111) Resolved in Real Space},
  author = {Binnig, G. and Rohrer, H. and Gerber, Ch. and Weibel, E.},
  journal = {Phys. Rev. Lett.},
  volume = {50},
  issue = {2},
  pages = {120--123},
  numpages = {0},
  year = {1983},
  publisher = {American Physical Society},
}

@article{putman1994tapping,
  title={Tapping mode atomic force microscopy in liquid},
  author={Putman, Constant AJ and Van der Werf, Kees O and De Grooth, Bart G and Van Hulst, Niek F and Greve, Jan},
  journal={Applied physics letters},
  volume={64},
  number={18},
  pages={2454--2456},
  year={1994},
  publisher={American Institute of Physics}
}

@article{ZHONG1993L688,
title = {Fractured polymer/silica fiber surface studied by tapping mode atomic force microscopy},
journal = {Surface Science Letters},
volume = {290},
number = {1},
pages = {L688-L692},
year = {1993},
issn = {0167-2584},
doi = {https://doi.org/10.1016/0167-2584(93)90906-Y},
url = {https://www.sciencedirect.com/science/article/pii/016725849390906Y},
author = {Q. Zhong and D. Inniss and K. Kjoller and V.B. Elings},
}

@misc{dieudonne2009reducing,
  title={Reducing Noise In Atomic Force Microscopy Measurements},
  author={Dieudonne, Michael and Kada, Gerald and Jing, Tianwei},
  year={2009},
  publisher={Google Patents},
  note={US Patent App. 12/058,769}
}

@misc{sulchek2012molded,
  title={Molded microfluidic fluid cell for atomic force microscopy},
  author={Sulchek, Todd A and Qiu, Siping Roger and Noga, Damien J and Schoenwald, David K},
  year={2012},
  month= Jul ,
  publisher={Google Patents},
  note={US Patent 8,214,917}
}

@misc{van2010plastic,
  title={Plastic cantilevers for force microscopy},
  author={van der Weide, Daniel W and Paulson, Charles A and Stevens, Andrew G},
  year={2010},
  publisher={Google Patents},
  note={US Patent 7,691,298}
}

@article{moy1994adhesive,
  title={Adhesive forces between ligand and receptor measured by AFM},
  author={Moy, Vincent T and Florin, Ernst-Ludwig and Gaub, Hermann E},
  journal={Colloids and Surfaces A: Physicochemical and Engineering Aspects},
  volume={93},
  pages={343--348},
  year={1994},
  publisher={Elsevier}
}

@article{wildling2011linking,
  title={Linking of sensor molecules with amino groups to amino-functionalized AFM tips},
  author={Wildling, Linda and Unterauer, Barbara and Zhu, Rong and Rupprecht, Anne and HaselgruÌˆbler, Thomas and Rankl, Christian and Ebner, Andreas and Vater, Doris and Pollheimer, Philipp and Pohl, Elena E and others},
  journal={Bioconjugate chemistry},
  volume={22},
  number={6},
  pages={1239--1248},
  year={2011},
  publisher={ACS Publications}
}

@article{noy2006chemical,
  title={Chemical force microscopy of chemical and biological interactions},
  author={Noy, Aleksandr},
  journal={Surface and Interface Analysis: An International Journal devoted to the development and application of techniques for the analysis of surfaces, interfaces and thin films},
  volume={38},
  number={11},
  pages={1429--1441},
  year={2006},
  publisher={Wiley Online Library}
}

@article{wright2006application,
  title={The application of atomic force microscopy force measurements to the characterisation of microbial surfaces},
  author={Wright, Chris J and Armstrong, Ian},
  journal={Surface and Interface Analysis},
  volume={38},
  number={11},
  pages={1419--1428},
  year={2006},
  publisher={Wiley Online Library}
}

@article{bippes2011high,
  title={High-resolution atomic force microscopy and spectroscopy of native membrane proteins},
  author={Bippes, Christian A and Muller, Daniel J},
  journal={Reports on Progress in Physics},
  volume={74},
  number={8},
  pages={086601},
  year={2011},
  publisher={IOP Publishing}
}

@article{liu2009visualization,
  title={Visualization of enzymatic hydrolysis of cellulose using AFM phase imaging},
  author={Liu, Hao and Fu, Shiyu and Zhu, JY and Li, Hui and Zhan, Huaiyu},
  journal={Enzyme and microbial technology},
  volume={45},
  number={4},
  pages={274--281},
  year={2009},
  publisher={Elsevier}
}

@article{al2018multifrequency,
  title={Multifrequency AFM reveals lipid membrane mechanical properties and the effect of cholesterol in modulating viscoelasticity},
  author={Al-Rekabi, Zeinab and Contera, Sonia},
  journal={Proceedings of the National Academy of Sciences},
  volume={115},
  number={11},
  pages={2658--2663},
  year={2018},
  publisher={National Acad Sciences}
}

@article{d2012evaluation,
  title={Evaluation of surface roughness of orthodontic wires by means of atomic force microscopy},
  author={D'Ant{\`o}, Vincenzo and Rongo, Roberto and Ametrano, Gianluca and Spagnuolo, Gianrico and Manzo, Paolo and Martina, Roberto and Paduano, Sergio and Valletta, Rosa},
  journal={The Angle Orthodontist},
  volume={82},
  number={5},
  pages={922--928},
  year={2012}
}

@article{dallaeva2014afm,
  title={AFM imaging and fractal analysis of surface roughness of AlN epilayers on sapphire substrates},
  author={Dallaeva, Dinara and {\c{T}}{\u{a}}lu, {\c{S}}tefan and Stach, Sebastian and {\v{S}}karvada, Pavel and Tom{\'a}nek, Pavel and Grmela, Lubom{\'\i}r},
  journal={Applied Surface Science},
  volume={312},
  pages={81--86},
  year={2014},
  publisher={Elsevier}
}

@article{passeri2011indentation,
  title={Indentation modulus and hardness of polyaniline thin films by atomic force microscopy},
  author={Passeri, D and Alippi, A and Bettucci, A and Rossi, M and Tamburri, E and Terranova, ML},
  journal={Synthetic metals},
  volume={161},
  number={1-2},
  pages={7--12},
  year={2011},
  publisher={Elsevier}
}

@article{zeng2017novel,
  title={A novel approach to decrease friction of graphene},
  author={Zeng, Xingzhong and Peng, Yitian and Lang, Haojie},
  journal={Carbon},
  volume={118},
  pages={233--240},
  year={2017},
  publisher={Elsevier}
}

@article{acikgoz2020speed,
  title={Speed dependence of friction on single-layer and bulk MoS2 measured by atomic force microscopy},
  author={Acikgoz, Ogulcan and Baykara, Mehmet Z},
  journal={Applied Physics Letters},
  volume={116},
  number={7},
  pages={071603},
  year={2020},
  publisher={AIP Publishing LLC}
}

@article{yu2016atomic,
  title={Atomic resolution imaging of halide perovskites},
  author={Yu, Yi and Zhang, Dandan and Kisielowski, Christian and Dou, Letian and Kornienko, Nikolay and Bekenstein, Yehonadav and Wong, Andrew B and Alivisatos, A Paul and Yang, Peidong},
  journal={Nano letters},
  volume={16},
  number={12},
  pages={7530--7535},
  year={2016},
  publisher={ACS Publications}
}

@article{chen2017quantitative,
  title={Quantitative characterization of structural and mechanical properties of boron nitride nanotubes in high temperature environments},
  author={Chen, Xiaoming and Dmuchowski, Christopher M and Park, Cheol and Fay, Catharine C and Ke, Changhong},
  journal={Scientific reports},
  volume={7},
  number={1},
  pages={1--9},
  year={2017},
  publisher={Nature Publishing Group}
}

@article{zhou2020mechanical,
  title={Mechanical Properties of TiO2 nanotubes investigated by AFM and FEM},
  author={Zhou, Ji and Wang, Zuozhang and Jiang, Yunhong and Yang, Zhongmei and Tian, Qiong and Ding, Yanhuai},
  year={2020}
}

@article{hughes2016physics,
  title={The physics of pulling polyproteins: a review of single molecule force spectroscopy using the AFM to study protein unfolding},
  author={Hughes, Megan L and Dougan, Lorna},
  journal={Reports on Progress in Physics},
  volume={79},
  number={7},
  pages={076601},
  year={2016},
  publisher={IOP Publishing}
}

@article{li2006probing,
  title={Probing membrane proteins using atomic force microscopy},
  author={Li, Guangyong and Xi, Ning and Wang, Donna H},
  journal={Journal of cellular biochemistry},
  volume={97},
  number={6},
  pages={1191--1197},
  year={2006},
  publisher={Wiley Online Library}
}

@article{muller2008afm,
  title={AFM: a nanotool in membrane biology},
  author={Muller, Daniel J},
  journal={Biochemistry},
  volume={47},
  number={31},
  pages={7986--7998},
  year={2008},
  publisher={ACS Publications}
}

@article{mingeot2008atomic,
  title={Atomic force microscopy of supported lipid bilayers},
  author={Mingeot-Leclercq, Marie-Paule and Deleu, Magali and Brasseur, Robert and Dufr{\^e}ne, Yves F},
  journal={Nature protocols},
  volume={3},
  number={10},
  pages={1654--1659},
  year={2008},
  publisher={Nature Publishing Group}
}

@article{firtel2004nanosurgery,
  title={Nanosurgery: observation of peptidoglycan strands in Lactobacillus helveticus cell walls},
  author={Firtel, Max and Henderson, Grant and Sokolov, Igor},
  journal={Ultramicroscopy},
  volume={101},
  number={2-4},
  pages={105--109},
  year={2004},
  publisher={Elsevier}
}

@article{ohnesorge1997afm,
  title={AFM review study on pox viruses and living cells},
  author={Ohnesorge, FM and H{\"o}rber, JK and H{\"a}berle, W and Czerny, CP and Smith, DP and Binnig, G},
  journal={Biophysical journal},
  volume={73},
  number={4},
  pages={2183--2194},
  year={1997},
  publisher={Elsevier}
}

@article{dunlap1997nanoscopic,
  title={Nanoscopic structure of DNA condensed for gene delivery},
  author={Dunlap, David D and Maggi, Alessia and Soria, Marco R and Monaco, Lucia},
  journal={Nucleic acids research},
  volume={25},
  number={15},
  pages={3095--3101},
  year={1997},
  publisher={Oxford University Press}
}

@article{frank1997intermolecular,
  title={Intermolecular forces between extracellular polysaccharides measured using the atomic force microscope},
  author={Frank, Brian P and Belfort, Georges},
  journal={Langmuir},
  volume={13},
  number={23},
  pages={6234--6240},
  year={1997},
  publisher={ACS Publications}
}

@article{kuznetsova2007atomic,
  title={Atomic force microscopy probing of cell elasticity},
  author={Kuznetsova, Tatyana G and Starodubtseva, Maria N and Yegorenkov, Nicolai I and Chizhik, Sergey A and Zhdanov, Renat I},
  journal={Micron},
  volume={38},
  number={8},
  pages={824--833},
  year={2007},
  publisher={Elsevier}
}

@article{glaubitz2014novel,
  title={A novel contact model for AFM indentation experiments on soft spherical cell-like particles},
  author={Glaubitz, Michael and Medvedev, Nikolay and Pussak, Daniel and Hartmann, Laura and Schmidt, Stephan and Helm, Christiane A and Delcea, Mihaela},
  journal={Soft Matter},
  volume={10},
  number={35},
  pages={6732--6741},
  year={2014},
  publisher={Royal Society of Chemistry}
}

@article{dokukin2013quantitative,
  title={Quantitative study of the elastic modulus of loosely attached cells in AFM indentation experiments},
  author={Dokukin, Maxim E and Guz, Nataliia V and Sokolov, Igor},
  journal={Biophysical journal},
  volume={104},
  number={10},
  pages={2123--2131},
  year={2013},
  publisher={Elsevier}
}

@article{korayem2014modeling,
  title={Modeling of various contact theories for the manipulation of different biological micro/nanoparticles based on AFM},
  author={Korayem, MH and Taheri, M},
  journal={Journal of nanoparticle research},
  volume={16},
  number={1},
  pages={1--18},
  year={2014},
  publisher={Springer}
}

@article{kontomaris2019determination,
  title={Determination of the linear elastic regime in AFM nanoindentation experiments on cells},
  author={Kontomaris, SV and Stylianou, A and Nikita, KS and Malamou, A},
  journal={Materials Research Express},
  volume={6},
  number={11},
  pages={115410},
  year={2019},
  publisher={IOP Publishing}
}

@article{kontomaris2020hertz,
  title={Hertz model or Oliver \& Pharr analysis? Tutorial regarding AFM nanoindentation experiments on biological samples},
  author={Kontomaris, SV and Malamou, A},
  journal={Materials Research Express},
  volume={7},
  number={3},
  pages={033001},
  year={2020},
  publisher={IOP Publishing}
}

@article{han2021modified,
  title={A modified Sneddon model for the contact between conical indenters and spherical samples},
  author={Han, Rui and Chen, Jinju},
  journal={Journal of Materials Research},
  volume={36},
  number={8},
  pages={1762--1771},
  year={2021},
  publisher={Springer}
}

@article{liu2019finite,
  title={Finite element modeling of living cells for AFM indentation-based biomechanical characterization},
  author={Liu, Yi and Mollaeian, Keyvan and Ren, Juan},
  journal={Micron},
  volume={116},
  pages={108--115},
  year={2019},
  publisher={Elsevier}
}

@article{kontomaris2018hertz,
  title={The Hertz model in AFM nanoindentation experiments: applications in biological samples and biomaterials},
  author={Kontomaris, Stylianos-Vasileios},
  journal={Micro and Nanosystems},
  volume={10},
  number={1},
  pages={11--22},
  year={2018},
  publisher={Bentham Science Publishers}
}

@article{faria2008measurement,
  title={Measurement of elastic properties of prostate cancer cells using AFM},
  author={Faria, Elsa Correia and Ma, Nan and Gazi, Ehsan and Gardner, Peter and Brown, Mick and Clarke, Noel W and Snook, Richard D},
  journal={Analyst},
  volume={133},
  number={11},
  pages={1498--1500},
  year={2008},
  publisher={Royal Society of Chemistry}
}

@article{lekka1999elasticity,
  title={Elasticity of normal and cancerous human bladder cells studied by scanning force microscopy},
  author={Lekka, Malgorzata and Laidler, Piotr and Gil, Dorota and Lekki, Janusz and Stachura, Zbigniew and Hrynkiewicz, AZ},
  journal={European Biophysics Journal},
  volume={28},
  number={4},
  pages={312--316},
  year={1999},
  publisher={Springer}
}

@article{kontomaris2019harmonic,
  title={The harmonic motion of a rigid cylinder on an elastic half-space},
  author={Kontomaris, Stylianos-Vasileios and Malamou, Anna},
  journal={European Journal of Physics},
  volume={41},
  number={1},
  pages={015003},
  year={2019},
  publisher={IOP Publishing}
}

@article{kontomaris2018discussion,
  title={A discussion regarding the approximation of cylindrical and spherical shaped samples as half spaces in AFM nanoindentation experiments},
  author={Kontomaris, Stylianos-Vasileios and Stylianou, Andreas and Malamou, Anna and Stylianopoulos, Triantafyllos},
  journal={Materials Research Express},
  volume={5},
  number={8},
  pages={085402},
  year={2018},
  publisher={IOP Publishing}
}

@article{zheng2012finite,
  title={Finite element analysis of the contact forces between a viscoelastic sphere and rigid plane},
  author={Zheng, QJ and Zhu, HP and Yu, AB},
  journal={Powder Technology},
  volume={226},
  pages={130--142},
  year={2012},
  publisher={Elsevier}
}

@article{attard2001interaction,
  title={Interaction and deformation of viscoelastic particles. 2. Adhesive particles},
  author={Attard, Phil},
  journal={Langmuir},
  volume={17},
  number={14},
  pages={4322--4328},
  year={2001},
  publisher={ACS Publications}
}

@article{johnson1971surface,
  title={Surface energy and the contact of elastic solids},
  author={Johnson, Kenneth Langstreth and Kendall, Kevin and Roberts, aAD},
  journal={Proceedings of the royal society of London. A. mathematical and physical sciences},
  volume={324},
  number={1558},
  pages={301--313},
  year={1971},
  publisher={The Royal Society London}
}

@article{derjaguin1975effect,
  title={Effect of contact deformations on the adhesion of particles},
  author={Derjaguin, Boris V and Muller, Vladimir M and Toporov, Yu P},
  journal={Journal of Colloid and interface science},
  volume={53},
  number={2},
  pages={314--326},
  year={1975},
  publisher={Elsevier}
}

@article{edwards2017optimizing,
  title={Optimizing force spectroscopy by modifying commercial cantilevers: Improved stability, precision, and temporal resolution},
  author={Edwards, Devin T and Perkins, Thomas T},
  journal={Journal of structural biology},
  volume={197},
  number={1},
  pages={13--25},
  year={2017},
  publisher={Elsevier}
}

@article{holland2000individual,
  title={Individual plasma proteins detected on rough biomaterials by phase imaging AFM},
  author={Holland, Nolan B and Marchant, Roger E},
  journal={Journal of Biomedical Materials Research},
  volume={51},
  number={3},
  pages={307--315},
  year={2000},
  publisher={Wiley Online Library}
}

@article{dufrene2004using,
  title={Using nanotechniques to explore microbial surfaces},
  author={Dufr{\^e}ne, Yves F},
  journal={Nature Reviews Microbiology},
  volume={2},
  number={6},
  pages={451--460},
  year={2004},
  publisher={Nature Publishing Group}
}

@article{sun2004using,
  title={Using the adhesive interaction between atomic force microscopy tips and polymer surfaces to measure the elastic modulus of compliant samples},
  author={Sun, Yujie and Akhremitchev, Boris and Walker, Gilbert C},
  journal={Langmuir},
  volume={20},
  number={14},
  pages={5837--5845},
  year={2004},
  publisher={ACS Publications}
}

@article{pietrement2000general,
  title={General equations describing elastic indentation depth and normal contact stiffness versus load},
  author={Pietrement, O and Troyon, M},
  journal={Journal of colloid and interface science},
  volume={226},
  number={1},
  pages={166--171},
  year={2000},
  publisher={Elsevier}
}

@article{carpick1999general,
  title={A general equation for fitting contact area and friction vs load measurements},
  author={Carpick, Robert W and Ogletree, D Frank and Salmeron, Miquel},
  journal={Journal of colloid and interface science},
  volume={211},
  number={2},
  pages={395--400},
  year={1999},
  publisher={Elsevier}
}

@incollection{burnham2020surface,
  title={Surface forces and adhesion},
  author={Burnham, Nancy A and Kulik, Andrzej J},
  booktitle={Handbook of Micro/Nano Tribology},
  pages={247--271},
  year={2020},
  publisher={CRC Press}
}

@inproceedings{harding1945elastic,
  title={The elastic stresses produced by the indentation of the plane surface of a semi-infinite elastic solid by a rigid punch},
  author={Harding, JW and Sneddon, IN12031},
  booktitle={Mathematical Proceedings of the Cambridge Philosophical Society},
  volume={41},
  number={1},
  pages={16--26},
  year={1945},
  organization={Cambridge University Press}
}

@article{schitter,
    author = {Schitter, Georg and Steininger, Juergen and Heuck, Friedjof and Staufer, Urs},
    year = {2012},
    pages = {392 - 418},
    title = {Towards fast AFM-based nanometrology and nanomanufacturing},
    volume = {8},
    journal = {Int. J. of Nanomanufacturing},
}

@misc{manualslib_2017, 
    title={JPK instruments NanoWizard AFM Handbook}, url={https://www.manualslib.com/manual/1228808/Jpk-Instruments-Nanowizard-Afm.html}, 
    journal={ManualsLib}, 
    year={2017}
} 
    
@article{TYAGI2010797,
    title = {In situ SEM, TEM and AFM studies of the antimicrobial activity of lemon grass oil in liquid and vapour phase against Candida albicans},
    journal = {Micron},
    volume = {41},
    number = {7},
    pages = {797-805},
    year = {2010},
    author = {Amit Kumar Tyagi and Anushree Malik}

}

@article{DIMITRIADIS20022798,
title = {Determination of Elastic Moduli of Thin Layers of Soft Material Using the Atomic Force Microscope},
journal = {Biophysical Journal},
volume = {82},
number = {5},
pages = {2798-2810},
year = {2002},
issn = {0006-3495},
doi = {https://doi.org/10.1016/S0006-3495(02)75620-8} 

}


@Article{C4SM00788C,
author ="Glaubitz, Michael and Medvedev, Nikolay and Pussak, Daniel and Hartmann, Laura and Schmidt, Stephan and Helm, Christiane A. and Delcea, Mihaela",
title  ="A novel contact model for AFM indentation experiments on soft spherical cell-like particles",
journal  ="Soft Matter",
year  ="2014",
volume  ="10",
issue  ="35",
pages  ="6732-6741",
publisher  ="The Royal Society of Chemistry",
doi  ="10.1039/C4SM00788C",
url  ="http://dx.doi.org/10.1039/C4SM00788C" 

}

@article{chen_luo_doudevski_erten_kim_2019, 
title={Atomic Force Microscopy (AFM) Analysis of an Object Larger and Sharper than the AFM Tip}, 
volume={25}, 
DOI={10.1017/S1431927619014697}, 
number={5}, 
journal={Microscopy and Microanalysis}, 
publisher={Cambridge University Press}, 
author={Chen, Zhe and Luo, Jiawei and Doudevski, Ivo and Erten, Sema and Kim, Seong H.}, 
year={2019}, 
pages={1106â€“1111}

}

